@site{'python-docs',
  author = {Python Software Foundation},
  title  = {The Python Tutorial},
  url    = {https://docs.python.org/3/tutorial/index.html},
  year   = 2025
}

@article{'python-ai',
  author = {Dhruvitkumar Talati},
  title = {Python: The alchemist behind AI's intelligent evolution},
  year = {2021}
}